@article{yang2008using,
  title={Using acceleration measurements for activity recognition: An effective learning algorithm   for constructing neural classifiers},
  author={Yang, Jhun-Ying and Wang, Jeen-Shing and Chen, Yen-Ping},
  journal={Pattern recognition letters},
  volume={29},
  number={16},
  pages={2213--2220},
  year={2008},
  publisher={Elsevier}
}
@inproceedings{du2015skeleton,
  title={Skeleton based action recognition with convolutional neural network},
  author={Du, Yong and Fu, Yun and Wang, Liang},
  booktitle={2015 3rd IAPR Asian conference on pattern recognition (ACPR)},
  pages={579--583},
  year={2015},
  organization={IEEE}
}
@inproceedings{fan2013human,
  title={Human activity recognition model based on decision tree},
  author={Fan, Lin and Wang, Zhongmin and Wang, Hai},
  booktitle={2013 International Conference on Advanced Cloud and Big Data},
  pages={64--68},
  year={2013},
  organization={IEEE}
}
@inproceedings{paul2015effective,
  title={An effective approach for human activity recognition on smartphone},
  author={Paul, Pinky and George, Thomas},
  booktitle={2015 IEEE International Conference on Engineering and Technology (ICETECH)},
  pages={1--3},
  year={2015},
  organization={IEEE}
}
@article{kwapisz2011activity,
  title={Activity recognition using cell phone accelerometers},
  author={Kwapisz, Jennifer R and Weiss, Gary M and Moore, Samuel A},
  journal={ACM SigKDD Explorations Newsletter},
  volume={12},
  number={2},
  pages={74--82},
  year={2011},
  publisher={ACM New York, NY, USA}
}
@inproceedings{khan2008accelerometer,
  title={Accelerometer signal-based human activity recognition using augmented autoregressive model coefficients and artificial neural nets},
  author={Khan, Adil Mehmood and Lee, Young-Koo and Kim, T-S},
  booktitle={2008 30th Annual International Conference of the IEEE Engineering in Medicine and Biology Society},
  pages={5172--5175},
  year={2008},
  organization={IEEE}
}
@article{riboni2011cosar,
  title={COSAR: hybrid reasoning for context-aware activity recognition},
  author={Riboni, Daniele and Bettini, Claudio},
  journal={Personal and Ubiquitous Computing},
  volume={15},
  number={3},
  pages={271--289},
  year={2011},
  publisher={Springer}
}
@inproceedings{ustev2013user,
  title={User, device and orientation independent human activity recognition on mobile phones: Challenges and a proposal},
  author={Ustev, Yunus Emre and Durmaz Incel, Ozlem and Ersoy, Cem},
  booktitle={Proceedings of the 2013 ACM conference on Pervasive and ubiquitous computing adjunct publication},
  pages={1427--1436},
  year={2013}
}
@article{chen2012sensor,
  title={Sensor-based activity recognition},
  author={Chen, Liming and Hoey, Jesse and Nugent, Chris D and Cook, Diane J and Yu, Zhiwen},
  journal={IEEE Transactions on Systems, Man, and Cybernetics, Part C (Applications and Reviews)},
  volume={42},
  number={6},
  pages={790--808},
  year={2012},
  publisher={IEEE}
}
@incollection{lim2019internet,
  title={The Internet of Things (IoT)},
  author={Lim, Tai Wei},
  booktitle={Industrial Revolution 4.0, Tech Giants, and Digitized Societies},
  pages={33--49},
  year={2019},
  publisher={Springer}
}

KNN Kaynaklar
@article{dolgun2009veri,
  title={Veri madencili{\u{g}}i{\^a} nde yap{\i}sal olmayan verinin analizi: Metin ve web madencili{\u{g}}i},
  author={Dolgun, M {\"O}zg{\"u}r and {\"O}zdemir, T G{\"u}zel and O{\u{g}}uz, Doruk},
  journal={{\.I}statistik{\c{c}}iler Dergisi: {\.I}statistik ve Akt{\"u}erya},
  volume={2},
  number={2},
  pages={48--58},
  year={2009}
}

@book{lantz2019machine,
  title={Machine learning with R: expert techniques for predictive modeling},
  author={Lantz, Brett},
  year={2019},
  publisher={Packt publishing ltd}
}

@article{saugbacs2017akilli,
  title={Ak{\i}ll{\i} saat alg{\i}lay{\i}c{\i}lar{\i} ile insan hareketlerinin s{\i}n{\i}fland{\i}r{\i}lmas{\i}},
  author={Sa{\u{g}}ba{\c{s}}, Ensar Arif and Ballı, Serkan},
  journal={S{\"u}leyman Demirel {\"U}niversitesi Fen Bilimleri Enstit{\"u}s{\"u} Dergisi},
  volume={21},
  number={3},
  pages={980--990},
  year={2017}
}

#Rasgele Ormanlar

@article{biau2016random,
  title={A random forest guided tour},
  author={Biau, G{\'e}rard and Scornet, Erwan},
  journal={Test},
  volume={25},
  pages={197--227},
  year={2016},
  publisher={Springer}
}

# YSA 

@article{ozturk2018yapay,
  title={Yapay sinir a{\u{g}}lar{\i} ve yapay zek{\^a}’ya genel bir bak{\i}{\c{s}}},
  author={{\"O}zt{\"u}rk, Kadir and {\c{S}}ahin, Mustafa Ergin},
  journal={Takvim-i Vekayi},
  volume={6},
  number={2},
  pages={25--36},
  year={2018},
  publisher={Ey{\"u}p Fahri KESKENLER}
}

@article{maltarollo2013applications,
  title={Applications of artificial neural networks in chemical problems},
  author={Maltarollo, Vin{\'\i}cius Gon{\c{c}}alves and Hon{\'o}rio, K{\'a}thia Maria and da Silva, Alb{\'e}rico Borges Ferreira},
  journal={Artificial neural networks-architectures and applications},
  pages={203--223},
  year={2013},
  publisher={IntechOpen}
}


3
@article{augyar2015yapay,
  title={Yapay sinir a{\u{g}}lar{\i}n{\i}n kullan{\i}m alanlar{\i} ve bir uygulama},
  author={A{\u{g}}yar, Zafer},
  journal={M{\"u}hendis ve Makine},
  volume={56},
  number={662},
  pages={22--23},
  year={2015}
}

5
@article{detienne2003neural,
  title={Neural networks as statistical tools for business researchers},
  author={Kristen Bell and Detienne, David H and Joshi, Shirish A},
  journal={Organizational Research Methods},
  volume={6},
  number={2},
  pages={236--265},
  year={2003},
  publisher={Sage Publications}
}

6
@mastersthesis{yangin2019xgboost,
  title={XGboost ve Karar A{\u{g}}ac{\i} tabanl{\i} algoritmalar{\i}n diyabet veri setleri {\"u}zerine uygulamas{\i}},
  author={Yang{\i}n, G{\"u}l{\c{c}}in},
  year={2019},
  school={Mimar Sinan G{\"u}zel Sanatlar {\"U}niversitesi}
}

7
@article{kelle2022mqtt,
  title={MQTT Trafi{\u{g}}inde DoS Sald{\i}r{\i}lar{\i}n{\i}n Makine {\"O}{\u{g}}renmesi ile S{\i}n{\i}fland{\i}r{\i}lmas{\i} ve Modelin SHAP ile Yorumlanmas{\i}},
  author={Kelle, Ali Cihat and H{\"u}seyin, Y{\"u}ce},
  journal={Journal of Materials and Mechatronics: A},
  volume={3},
  number={1},
  pages={50--62},
  year={2022}
}


8
@article{firat2004aski,
  title={Ask{\i} madde konsantrasyonu ve miktar{\i}n{\i}n yapay sinir a{\u{g}}lar{\i} ile belirlenmesi},
  author={Fırat, Mahmut and G{\"u}ng{\"o}r, Mahmud},
  journal={Teknik Dergi},
  volume={15},
  number={73},
  year={2004}
}

9
@book{mandic2001recurrent,
  title={Recurrent neural networks for prediction: learning algorithms, architectures and stability},
  author={Mandic, Danilo and Chambers, Jonathon},
  year={2001},
  publisher={Wiley}
}

10
@book{tebelskis1995speech,
  title={Speech recognition using neural networks},
  author={Tebelskis, Joseph Michael},
  year={1995},
  publisher={Carnegie Mellon University}
}
11
@article{asilkan2009ikinci,
  title={{\.I}kinci el otomobillerin gelecekteki fiyatlarinin yapay sinir a{\u{g}}lari ile tahmin edilmesi},
  author={Asilkan, {\"O}zcan and Irmak, Ar{\c{s}} G{\"o}r Sezgin},
  journal={S{\"u}leyman Demirel {\"U}niversitesi {\.I}ktisadi ve {\.I}dari Bilimler Fak{\"u}ltesi Dergisi},
  volume={14},
  number={2},
  pages={375--391},
  year={2009}
}

31
@article{metin2021insanin,
  title={{\.I}nsan{\i}n g{\"u}nl{\"u}k aktivitelerinin yeni bir veri k{\"u}mesi: Derin {\"o}{\u{g}}renme tekniklerini kullanarak s{\i}n{\i}fland{\i}rma performans{\i} i{\c{c}}in k{\i}yaslama sonu{\c{c}}lar{\i}},
  author={Metin, {\.I}brahim Ali and Karasulu, Bahadir},
  journal={Gazi {\"U}niversitesi M{\"u}hendislik Mimarl{\i}k Fak{\"u}ltesi Dergisi},
  volume={36},
  number={2},
  pages={759--778},
  year={2021}
}
32
@article{metin2019insan,
  title={{\.I}nsan aktivitelerinin s{\i}n{\i}fland{\i}r{\i}lmas{\i}nda tekrarlayan sinir a{\u{g}}{\i} kullanan derin {\"o}{\u{g}}renme tabanl{\i} yakla{\c{s}}{\i}m},
  author={Met{\i}n, {\.I}brahim Ali and Karasulu, Bahad{\i}r},
  journal={Veri Bilimi},
  volume={2},
  number={2},
  pages={1--10},
  year={2019}
}
33
@article{ecsref2019turkcce,
  title={T{\"u}rk{\c{c}}e Dizi Etiketleme {\.I}{\c{c}}in Sinir A{\u{g}} Modelleri},
  author={E{\c{s}}ref, Yasin},
  year={2019},
  publisher={Fen Bilimleri Enstit{\"u}s{\"u}}
}

34
@article{yang2016multi,
  title={Multi-task cross-lingual sequence tagging from scratch},
  author={Yang, Zhilin and Salakhutdinov, Ruslan and Cohen, William},
  journal={arXiv preprint arXiv:1603.06270},
  year={2016}
}

35
@article{schuster1997bidirectional,
  title={Bidirectional recurrent neural networks},
  author={Schuster, Mike and Paliwal, Kuldip K},
  journal={IEEE transactions on Signal Processing},
  volume={45},
  number={11},
  pages={2673--2681},
  year={1997},
  publisher={Ieee}
}

36
@article{metin2021novel,
  title={A novel dataset of human daily activities: Its benchmarking results for classification performance via using deep learning techniques},
  author={Metin, {\.I}brahim Ali and Karasulu, Bahad{\i}r},
  journal={Journal of the Faculty of Engineering and Architecture of Gazi University},
  volume={36},
  number={2},
  pages={759--777},
  year={2021}
}

37
@article{lecun1998gradient,
  title={Gradient-based learning applied to document recognition},
  author={LeCun, Yann and Bottou, L{\'e}on and Bengio, Yoshua and Haffner, Patrick},
  journal={Proceedings of the IEEE},
  volume={86},
  number={11},
  pages={2278--2324},
  year={1998},
  publisher={Ieee}
}

38
@article{bengio2013representation,
  title={Representation learning: A review and new perspectives},
  author={Bengio, Yoshua and Courville, Aaron and Vincent, Pascal},
  journal={IEEE transactions on pattern analysis and machine intelligence},
  volume={35},
  number={8},
  pages={1798--1828},
  year={2013},
  publisher={IEEE}
}
39
@misc{buduma2017fundamentals,
  title={Fundamentals of Deep Learning, O’Relly Media},
  author={Buduma, N},
  year={2017},
  publisher={Inc}
}

43
@article{kuncan2019new,
  title={New approaches based on local binary patterns for gender identification from sensor signals},
  author={Kuncan, Fatma and Kaya, Y{\i}lmaz, Melih},
  journal={Journal of the Faculty of Engineering and Architecture of Gazi University},
  volume={34},
  number={4},
  pages={2173--2185},
  year={2019}
}

44
@article{dandil2020dog,
  title={Dog behavior recognition and tracking based on faster R-CNN},
  author={Dand{\i}l, Emre and Polattimur, Rukiye},
  journal={Journal of the Faculty of Engineering and Architecture of Gazi University},
  volume={35},
  number={2},
  pages={819--834},
  year={2020}
}

45
@article{hanbay2020hyperspectral,
  title={Hyperspectral image classification using convolutional neural network and two-dimensional complex Gabor transform},
  author={Hanbay, Kaz{\i}m},
  journal={Journal of the Faculty of Engineering and Architecture of Gazi University},
  volume={35},
  number={1},
  pages={443--456},
  year={2020}
}
46
@article{icsik2020turkish,
  title={Turkish dialect recognition in terms of prosodic by long short-term memory neural networks},
  author={Isık, G{\u}ltek{\i}n and Artuner, Harun},
  journal={Journal of the Faculty of Engineering and Architecture of Gazi University},
  volume={35},
  number={1},
  year={2020}
}


özet kaynaklar
@article{ozturk2018yapay,
  title={Yapay sinir a{\u{g}}lar{\i} ve yapay zek{\^a}’ya genel bir bak{\i}{\c{s}}},
  author={{\"O}zt{\"u}rk, Kadir and {\c{S}}ahin, Mustafa Ergin},
  journal={Takvim-i Vekayi},
  volume={6},
  number={2},
  pages={25--36},
  year={2018},
  publisher={Ey{\"u}p Fahri KESKENLER}
}
@article{saugbacs2017akilli,
  title={Ak{\i}ll{\i} saat alg{\i}lay{\i}c{\i}lar{\i} ile insan hareketlerinin s{\i}n{\i}fland{\i}r{\i}lmas{\i}},
  author={Sa{\u{g}}ba{\c{s}}, Ensar Arif and Ballı, Serkan},
  journal={S{\"u}leyman Demirel {\"U}niversitesi Fen Bilimleri Enstit{\"u}s{\"u} Dergisi},
  volume={21},
  number={3},
  pages={980--990},
  year={2017}
}
@mastersthesis{yangin2019xgboost,
  title={XGboost ve Karar A{\u{g}}ac{\i} tabanl{\i} algoritmalar{\i}n diyabet veri setleri {\"u}zerine uygulamas{\i}},
  author={Yang{\i}n, G{\"u}l{\c{c}}in},
  year={2019},
  school={Mimar Sinan G{\"u}zel Sanatlar {\"U}niversitesi}
}

@inproceedings{anguita2013public,
  title={A public domain dataset for human activity recognition using smartphones.},
  author={Anguita, Davide and Ghio, Alessandro and Oneto, Luca and Parra, Xavier and Reyes-Ortiz, Jorge Luis and others},
  booktitle={Esann},
  volume={3},
  pages={3},
  year={2013}
}

@article{saugbacs2021akilli,
  title={AKILLI TELEFON VER{.I}LER{.I} VE MAK{.I}NE {"O}{\u{G}}RENMES{.I} Y{"O}NTEMLER{.I} KULLANILARAK STRES TESP{.I}T{.I} {\c{C}}ALI{\c{S}}MALARI {"U}ZER{.I}NE B{.I}R L{.I}TERAT{"U}R ARA{\c{S}}TIRMASI},
  author={Sa{\u{g}}ba{\c{s}}, Ensar Arif and Koruko{\u{g}}lu, Serdar and Ballı, Serkan},
  journal={M{"u}hendislik Bilimleri ve Tasar{\i}m Dergisi},
  volume={9},
  number={3},
  pages={1030--1038},
  year={2021},
  publisher={S{"u}leyman Demirel University}
}

@article{iskanderov2019akilli,
  title={Ak{\i}ll{\i} telefon ve giyilebilir cihazlarla aktivite tan{\i}ma: Klasik yakla{\c{s}}{\i}mlar, yeni {\c{c}}{\"o}z{\"u}mler},
  author={Iskanderov, Jemshit and G{\"u}vensan, Mehmet Ama{\c{c}}},
  journal={Pamukkale {\"U}niversitesi M{\"u}hendislik Bilimleri Dergisi},
  volume={25},
  number={2},
  pages={223--239},
  year={2019}
}
